@article{Benovic2024,
  title = {Introducing a machine learning algorithm for delirium prediction—the Supporting SURgery with GEriatric Co-Management and AI project (SURGE-Ahead)},
  volume = {53},
  ISSN = {1468-2834},
  url = {http://dx.doi.org/10.1093/ageing/afae101},
  DOI = {10.1093/ageing/afae101},
  number = {5},
  journal = {Age and Ageing},
  publisher = {Oxford University Press (OUP)},
  author = {Benovic,  Samuel and Ajlani,  Anna H and Leinert,  Christoph and Fotteler,  Marina and Wolf,  Dennis and Steger,  Florian and Kestler,  Hans and Dallmeier,  Dhayana and Denkinger,  Michael and Eschweiler,  Gerhard W and Thomas,  Christine and Kocar,  Thomas D},
  year = {2024},
  month = may 
}
