@article{Leinert2023,
  title = {Supporting SURgery with GEriatric Co-Management and AI (SURGE-Ahead): A study protocol for the development of a digital geriatrician},
  volume = {18},
  ISSN = {1932-6203},
  url = {http://dx.doi.org/10.1371/journal.pone.0287230},
  DOI = {10.1371/journal.pone.0287230},
  number = {6},
  journal = {PLOS ONE},
  publisher = {Public Library of Science (PLoS)},
  author = {Leinert,  Christoph and Fotteler,  Marina and Kocar,  Thomas Derya and Dallmeier,  Dhayana and Kestler,  Hans A. and Wolf,  Dennis and Gebhard,  Florian and Uihlein,  Adriane and Steger,  Florian and Kilian,  Reinhold and Mueller-Stierlin,  Annabel S. and Michalski,  Christoph W. and Mihaljevic,  André and Bolenz,  Christian and Zengerling,  Friedemann and Leinert,  Elena and Sch\"{u}tze,  Sabine and Hoffmann,  Thomas K. and Onder,  Graziano and Andersen-Ranberg,  Karen and O’Neill,  Desmond and Wehling,  Martin and Schobel,  Johannes and Swoboda,  Walter and Denkinger,  Michael},
  editor = {Carels,  Vanessa},
  year = {2023},
  month = jun,
  pages = {e0287230}
}
@misc{TIOBE,
  added-at = {2024-12-12},
  author = {{TIOBE Software}},
  keywords = {imported},
  note = {[Online; accessed 2024-11-28]},
  organization = {TIOBE Software},
  timestamp = {2024-12-12 10:26},
  title = {{TIOBE} Programming Community Index, July 2012},
  url = {http://www.tiobe.com/index.php/content/paperinfo/tpci/index.html},
  year = 2012,
}

